@article{a2c,
  title={Efficient Parallel Methods for Deep Reinforcement Learning},
  author={Clemente, Alfredo V and Castej{\'o}n, Humberto N and Chandra, Arjun},
  journal={arXiv preprint arXiv:1705.04862},
  year={2017}
}
@article{roc,
  title={An On-Line Agglomerative Clustering Method for Nonstationary Data},
  author={Isaac David Guedalia and Mickey London and Michael Werman},
  journal={Neural Computation},
  year={1999},
  volume={11},
  pages={521-540}
}
@article{ppo,
  title={Proximal policy optimization algorithms},
  author={Schulman, John and Wolski, Filip and Dhariwal, Prafulla and Radford, Alec and Klimov, Oleg},
  journal={arXiv preprint arXiv:1707.06347},
  year={2017}
}
@book{mci,
  title={Monte carlo methods in statistical physics},
  author={Newman, M and Barkema, G},
  year={1999},
  publisher={Oxford University Press: New York, USA}
}
@inproceedings{trpo,
  title={Trust region policy optimization},
  author={Schulman, John and Levine, Sergey and Abbeel, Pieter and Jordan, Michael and Moritz, Philipp},
  booktitle={International Conference on Machine Learning},
  pages={1889--1897},
  year={2015}
}
@phdthesis{mgda,
  title={Multiple-Gradient Descent Algorithm (MGDA)},
  author={D{\'e}sid{\'e}ri, Jean-Antoine},
  year={2009},
  school={INRIA}
}
@inproceedings{multi-objective,
  title={Multi-task learning as multi-objective optimization},
  author={Sener, Ozan and Koltun, Vladlen},
  booktitle={Advances in Neural Information Processing Systems},
  pages={524--535},
  year={2018}
}
@ARTICLE{TheoryCreativity, 
author={J. Schmidhuber}, 
journal={IEEE Transactions on Autonomous Mental Development}, 
title={Formal Theory of Creativity, Fun, and Intrinsic Motivation (1990â€“2010)}, 
year={2010}, 
volume={2}, 
number={3}, 
pages={230-247}, 
keywords={cognition;creativity;fun;intrinsic motivation;aesthetics;event sequences;intrinsic reward;data compression;active learning;Art;Psychology;Pediatrics;Predictive models;Data compression;Computational intelligence;Intelligent robots;Feedback;Eyes;Fingers;Active learning;aesthetics theory;art;attention;developmental psychology;formal theory of creativity;fun;humor;limited computational resources;music;novel patterns;novelty;science;surprise;typology of intrinsic motivation}, 
doi={10.1109/TAMD.2010.2056368}, 
ISSN={1943-0604}, 
month={Sept},}
@INPROCEEDINGS{misfa, 
author={V. R. Kompella and M. Luciw and M. Stollenga and L. Pape and J. Schmidhuber}, 
booktitle={2012 IEEE International Conference on Development and Learning and Epigenetic Robotics (ICDL)}, 
title={Autonomous learning of abstractions using Curiosity-Driven Modular Incremental Slow Feature Analysis}, 
year={2012}, 
volume={}, 
number={}, 
pages={1-8}, 
keywords={humanoid robots;learning (artificial intelligence);robot vision;video signal processing;autonomous learning;curiosity driven modular incremental slow feature analysis;complex environments;vision based agents;sensory abstractions;high dimensional video;curiosity driven learning system;multiple abstract representations;reinforcement learning;incremental slow-feature analysis;IncSFA;gating system;abstraction duplication;curiosity signal;learnability;adaptive module;multiple slow-feature modules;behavior-specific abstractions;iCub humanoid robot;raw unpreprocessed video knowledge;curious learning agent;Estimation error;Switches;Libraries;Encoding;Vectors;Training;Adaptation models}, 
doi={10.1109/DevLrn.2012.6400829}, 
ISSN={2161-9476}, 
month={Nov},}

